
% weekly labeld semi√üsupervised method for ner
@inproceedings{lee2016bagging,
  title={Bagging-based active learning model for named entity recognition with distant supervision},
  author={Lee, Sunghee and Song, Yeongkil and Choi, Maengsik and Kim, Harksoo and others},
  booktitle={2016 International Conference on Big Data and Smart Computing (BigComp)},
  pages={321--324},
  year={2016},
  organization={IEEE}
}

@article{altman2007proposed,
  title={A proposed standard for the scholarly citation of quantitative data},
  author={Altman, Micah and King, Gary},
  journal={D-lib Magazine},
  volume={13},
  number={3/4},
  year={2007}
}

@article{ghavimi2016semi,
  title={A semi-automatic approach for detecting dataset references in social science texts},
  author={Ghavimi, Behnam and Mayr, Philipp and Lange, Christoph and Vahdati, Sahar and Auer, S{\"o}ren},
  journal={Information Services \& Use},
  volume={36},
  number={3-4},
  pages={171--187},
  year={2016},
  publisher={IOS Press}
}

@inproceedings{bird2008acl,
  title={The acl anthology reference corpus: A reference dataset for bibliographic research in computational linguistics},
  author={Bird, Steven and Dale, Robert and Dorr, Bonnie J and Gibson, Bryan and Joseph, Mark Thomas and Kan, Min-Yen and Lee, Dongwon and Powley, Brett and Radev, Dragomir R and Tan, Yee Fan},
  booktitle = {Proceedings of the Sixth International Conference on Language Resources and Evaluation (LREC 2008)},
  year = {2008},
  publisher = {European Language Resources Association (ELRA)}
}

@inproceedings{gildea2018acl,
  title={The ACL Anthology: Current State and Future Directions},
  author={Gildea, Daniel and Kan, Min-Yen and Madnani, Nitin and Teichmann, Christoph and Villalba, Martin},
  booktitle={Proceedings of Workshop for NLP Open Source Software (NLP-OSS)},
  pages={23--28},
  year={2018}
}
@inproceedings{qasemizadeh2016acl,
  title={The ACL RD-TEC 2.0: A Language Resource for Evaluating Term Extraction and Entity Recognition Methods.},
  author={QasemiZadeh, Behrang and Schumann, Anne-Kathrin},
  booktitle={LREC},
  year={2016}
}

@InProceedings{joulin2017bag,
  title={Bag of Tricks for Efficient Text Classification},
  author={Joulin, Armand and Grave, Edouard and Bojanowski, Piotr and Mikolov, Tomas},
  booktitle={Proceedings of the 15th Conference of the European Chapter of the Association for Computational Linguistics: Volume 2, Short Papers},
  month={April},
  year={2017},
  publisher={Association for Computational Linguistics},
  pages={427--431},
}

@article{agerri2016robust,
  title={Robust multilingual named entity recognition with shallow semi-supervised features},
  author={Agerri, Rodrigo and Rigau, German},
  journal={Artificial Intelligence},
  volume={238},
  pages={63--82},
  year={2016},
  publisher={Elsevier}
}

@inproceedings{Turian,
 author = {Turian, Joseph and Ratinov, Lev and Bengio, Yoshua},
 title = {Word Representations: A Simple and General Method for Semi-supervised Learning},
 booktitle = {Proceedings of the 48th Annual Meeting of the Association for Computational Linguistics},
 series = {ACL '10},
 year = {2010},
 location = {Uppsala, Sweden},
 pages = {384--394},
 numpages = {11},
 url = {http://dl.acm.org/citation.cfm?id=1858681.1858721},
 acmid = {1858721},
 publisher = {Association for Computational Linguistics},
 address = {Stroudsburg, PA, USA},
} 



@inproceedings{SchwartzH03,
  author = {Schwartz, Ariel S. and Hearst, Marti A.},
  pages = {451-462},
   booktitle = {Pacific Symposium on Biocomputing},
  title = {A Simple Algorithm for Identifying Abbreviation Definitions in Biomedical Text.},
  year = 2003
}


@inproceedings{mikolov2013distributed,
  title={Distributed representations of words and phrases and their compositionality},
  author={Mikolov, Tomas and Sutskever, Ilya and Chen, Kai and Corrado, Greg S and Dean, Jeff},
  booktitle={Advances in neural information processing systems},
  pages={3111--3119},
  year={2013}
}


@inproceedings{finkel2005incorporating,
  title={Incorporating non-local information into information extraction systems by gibbs sampling},
  author={Finkel, Jenny Rose and Grenager, Trond and Manning, Christopher},
  booktitle={Proceedings of the 43rd annual meeting on association for computational linguistics},
  pages={363--370},
  year={2005},
  organization={Association for Computational Linguistics}
}
@inproceedings{eckle2013automatically,
  title={Automatically assigning research methods to journal articles in the domain of social sciences},
  author={Eckle-Kohler, Judith and Nghiem, Tri-Duc and Gurevych, Iryna},
  booktitle={Proceedings of the 76th ASIS\&T Annual Meeting: Beyond the Cloud: Rethinking Information Boundaries},
  pages={44},
  year={2013},
  organization={American Society for Information Science}
}

@book{lewis2003sage,
  title={The Sage encyclopedia of social science research methods},
  author={Lewis-Beck, Michael and Bryman, Alan E and Liao, Tim Futing},
  year={2003},
  publisher={Sage Publications}
}

@article{kageura1996methods,
  title={Methods of automatic term recognition: A review},
  author={Kageura, Kyo and Umino, Bin},
  journal={Terminology. International Journal of Theoretical and Applied Issues in Specialized Communication},
  volume={3},
  number={2},
  pages={259--289},
  year={1996},
  publisher={John Benjamins Publishing Company}
}


@article{nasar2018information,
  title={Information extraction from scientific articles: a survey},
  author={Nasar, Zara and Jaffry, Syed Waqar and Malik, Muhammad Kamran},
  journal={Scientometrics},
  volume={117},
  number={3},
  pages={1931--1990},
  year={2018},
  publisher={Springer}
}
@inproceedings{rehurek_lrec,
      title = {{Software Framework for Topic Modelling with Large Corpora}},
      author = {Radim {\v R}eh{\r u}{\v r}ek and Petr Sojka},
      booktitle = {{Proceedings of the LREC 2010 Workshop on New
           Challenges for NLP Frameworks}},
      pages = {45--50},
      year = 2010,
      month = May,
      day = 22,
      publisher = {ELRA},
      address = {Valletta, Malta},
      note={\url{http://is.muni.cz/publication/884893/en}},
      language={English}
}

@inproceedings{boland2012identifying,
  title={Identifying references to datasets in publications},
  author={Boland, Katarina and Ritze, Dominique and Eckert, Kai and Mathiak, Brigitte},
  booktitle={International Conference on Theory and Practice of Digital Libraries},
  pages={150--161},
  year={2012},
  organization={Springer}
}

% keyphrase extraction using spacy
@inproceedings{mahata2018key2vec,
  title={Key2Vec: Automatic Ranked Keyphrase Extraction from Scientific Articles using Phrase Embeddings},
  author={Mahata, Debanjan and Kuriakose, John and Shah, Rajiv Ratn and Zimmermann, Roger},
  booktitle={Proceedings of the 2018 Conference of the North American Chapter of the Association for Computational Linguistics: Human Language Technologies, Volume 2 (Short Papers)},
  volume={2},
  pages={634--639},
  year={2018}
}
